<record><leader>00000cas a22000007a 4500</leader><controlfield tag="001">18655601</controlfield><controlfield tag="008">881021d19051910idudn ne      0    0eng d</controlfield><datafield ind1=" " ind2=" " tag="010"><subfield code="a">sn 88056049 </subfield></datafield><datafield ind1=" " ind2=" " tag="040"><subfield code="a">NVB</subfield><subfield code="b">eng</subfield><subfield code="c">NVB</subfield><subfield code="d">OCLCQ</subfield><subfield code="d">OCLCF</subfield><subfield code="d">OCLCO</subfield></datafield><datafield ind1=" " ind2=" " tag="042"><subfield code="a">msc</subfield></datafield><datafield ind1=" " ind2=" " tag="043"><subfield code="a">n-us-id</subfield></datafield><datafield ind1="0" ind2=" " tag="130"><subfield code="a">Times (Wallace, Idaho)</subfield></datafield><datafield ind1="1" ind2="4" tag="245"><subfield code="a">The times.</subfield></datafield><datafield ind1="1" ind2="7" tag="246"><subfield code="a">Daily times</subfield></datafield><datafield ind1=" " ind2=" " tag="260"><subfield code="a">Wallace, Idaho :</subfield><subfield code="b">Times, Co.</subfield></datafield><datafield ind1=" " ind2=" " tag="300"><subfield code="a">v.</subfield></datafield><datafield ind1=" " ind2=" " tag="310"><subfield code="a">Daily (except Sun.)</subfield></datafield><datafield ind1="1" ind2=" " tag="362"><subfield code="a">Began in 1905.</subfield></datafield><datafield ind1="0" ind2=" " tag="362"><subfield code="a">-v. 16, no. 112 (Aug. 20, 1910).</subfield></datafield><datafield ind1=" " ind2=" " tag="500"><subfield code="a">Weekly ed.: Wallace times.</subfield></datafield><datafield ind1=" " ind2=" " tag="588"><subfield code="a">Description based on: Vol. 13, no. 1 (Jan. 1, 1907).</subfield></datafield><datafield ind1=" " ind2="0" tag="651"><subfield code="a">Wallace (Idaho)</subfield><subfield code="v">Newspapers.</subfield></datafield><datafield ind1=" " ind2="7" tag="655"><subfield code="a">Newspapers.</subfield><subfield code="2">fast</subfield><subfield code="0">(OCoLC)fst01423814</subfield></datafield><datafield ind1=" " ind2="7" tag="651"><subfield code="a">Idaho</subfield><subfield code="z">Wallace.</subfield><subfield code="2">fast</subfield><subfield code="0">(OCoLC)fst01220463</subfield></datafield><datafield ind1=" " ind2=" " tag="752"><subfield code="a">United States</subfield><subfield code="b">Idaho</subfield><subfield code="c">Shoshone</subfield><subfield code="d">Wallace.</subfield></datafield><datafield ind1="1" ind2=" " tag="775"><subfield code="t">Wallace times</subfield><subfield code="w">(DLC)sn 86091075</subfield></datafield><datafield ind1="0" ind2="0" tag="780"><subfield code="t">Idaho State tribune</subfield><subfield code="w">(DLC)sn 88056043</subfield></datafield><datafield ind1="0" ind2="0" tag="785"><subfield code="t">Wallace record</subfield><subfield code="w">(DLC)sn 86091074</subfield></datafield></record>